@book{Blandy,
    author = {Blandy, Jim},
    title = {The Rust Programming Language: Fast, Safe, and Beautiful},
    year = {2015},
    isbn = {9781491925447},
    publisher = {O'Reilly Media, Inc.},
}

@misc{RustLang,
    title = {The Rust Programming Language book},
    howpublished = {\url{https://doc.rust-lang.org/stable/book/second-edition/}},
    note = {Accessed: \today}
}

@misc{RustOwnership,
    title = {What is Ownership?},
    howpublished = {\url{https://doc.rust-lang.org/stable/book/second-edition/ch04-01-what-is-ownership.html}},
    note = {Accessed: \today}
}

@misc{ProjectServo,
    title={Project Servo},
    howpublished = {\url{http://venge.net/graydon/talks/intro-talk-2.pdf}},
    note = {Accessed: \today},
}

@misc{AnnounceRust,
    title={Announcing Rust 1.0},
    howpublished = {\url{https://blog.rust-lang.org/2015/05/15/Rust-1.0.html}},
    note = {Accessed: \today}
}

@misc{RustIntro,
    title={The Rust Compiler 0.1 is unleashed},
    howpublished = {\url{https://mail.mozilla.org/pipermail/rust-dev/2012-January/001256.html}},
    note={Accessed: \today}
}

@misc{RustFAQ,
    title = {Rust Frequently Asked Questions},
    howpublished = {\url{https://www.rust-lang.org/en-US/faq.html}},
    note = {Accessed: \today}
}

@misc{RustGrammer,
    title = {Rust Grammer},
    howpublished = {\url{https://doc.rust-lang.org/grammar.html}},
    note = {Accessed: \today}
}

@misc{Rust1.21,
    title = {Rust 1.21.0},
    howpublished = {\url{https://blog.rust-lang.org/2017/10/12/Rust-1.21.html}},
    note = {Accessed: \today}
}

@misc{SemVer,
    title = {Semantic Versioning 2.0},
    howpublished = {\url{http://semver.org/}},
    note = {Accessed: \today}
}

@misc{RustErrorHandling,
    title = {Error Handling},
    howpublished = {\url{https://doc.rust-lang.org/stable/book/second-edition/ch09-00-error-handling.html}},
    note = {Accessed: \today}
}

@misc{RustPanic,
    title = {Unrecoverable Errors with panic!},
    howpublished = {\url{https://doc.rust-lang.org/stable/book/second-edition/ch09-01-unrecoverable-errors-with-panic.html}},
    note = {Accessed: \today}
}

@misc{RustResult,
    title = {Recoverable Errors with Result},
    howpublished = {\url{https://doc.rust-lang.org/stable/book/second-edition/ch09-02-recoverable-errors-with-result.html}},
    note = {Accessed: \today}
}

